
@article{hwangbo2019learning,
  title={Learning agile and dynamic motor skills for legged robots},
  author={Hwangbo, Jemin and Lee, Joonho and Dosovitskiy, Alexey and Bellicoso, Dario G. and Tsounis, Vassilios and Koltun, Vladlen and Hutter, Marco},
  journal={Science Robotics},
  volume={4},
  number={26},
  pages={eaau5872},
  year={2019},
  doi={10.1126/scirobotics.aau5872}
}

@article{lee2020learning,
  title={Learning quadrupedal locomotion over challenging terrain},
  author={Lee, Joonho and Hwangbo, Jemin and Wellhausen, Lorenz and Koltun, Vladlen and Hutter, Marco},
  journal={Science Robotics},
  volume={5},
  number={47},
  pages={eabc5986},
  year={2020},
  doi={10.1126/scirobotics.abc5986}
}

@article{choi2023deformable,
  title={Learning quadrupedal locomotion on deformable terrain},
  author={Choi, Suyoung and Ji, Gwanghyeon and Park, Jeongsoo and Kim, Hyeongjun and Mun, Juhyeok and Lee, Jeong Hyun and Hwangbo, Jemin},
  journal={Science Robotics},
  volume={8},
  pages={eade2256},
  year={2023},
  doi={10.1126/scirobotics.ade2256}
}

@inproceedings{rudin2022minutes,
  title={Learning to Walk in Minutes Using Massively Parallel Deep Reinforcement Learning},
  author={Rudin, Nikita and Hoeller, David and Reist, Philipp and Hutter, Marco},
  booktitle={Conference on Robot Learning (CoRL)},
  year={2022},
  publisher={PMLR},
  url={https://proceedings.mlr.press/v164/rudin22a.html}
}

@inproceedings{kumar2021rma,
  title={RMA: Rapid Motor Adaptation for Legged Robots},
  author={Kumar, Ashish and Fu, Zipeng and Pathak, Deepak and Malik, Jitendra},
  booktitle={Robotics: Science and Systems (RSS)},
  year={2021},
  doi={10.15607/RSS.2021.XVII.011},
  url={https://roboticsproceedings.org/rss17/p011.pdf}
}

@article{peng2018deepmimic,
  title={DeepMimic: Example-Guided Deep Reinforcement Learning of Physics-Based Character Skills},
  author={Peng, Xue Bin and Abbeel, Pieter and Levine, Sergey and van de Panne, Michiel},
  journal={ACM Transactions on Graphics},
  volume={37},
  number={4},
  pages={143:1--143:14},
  year={2018},
  doi={10.1145/3197517.3201311}
}

@article{wang2022hybrid,
  title={Hybrid Bipedal Locomotion Based on Reinforcement Learning and Heuristics},
  author={Wang, Zhicheng and Wei, Wandi and Xie, Anhuan and Zhang, Yifeng and Wu, Jun and Zhu, Qiuguo},
  journal={Micromachines},
  volume={13},
  number={10},
  pages={1688},
  year={2022},
  doi={10.3390/mi13101688}
}

@article{tidd2020guided,
  title={Guided Curriculum Learning for Walking Over Complex Terrain},
  author={Tidd, Brendan and Hudson, Nicolas and Cosgun, Akansel},
  journal={arXiv preprint arXiv:2010.03848},
  year={2020},
  url={https://arxiv.org/abs/2010.03848}
}

@article{singh2025robust,
  title={Robust Humanoid Walking on Compliant and Uneven Terrain with Deep Reinforcement Learning},
  author={Singh, Rohan P. and Morisawa, Mitsuharu and others},
  journal={arXiv preprint arXiv:2504.13619},
  year={2025},
  url={https://arxiv.org/abs/2504.13619}
}
