@article{lee2020learning,
  title={Learning quadrupedal locomotion over challenging terrain},
  author={Lee, Joonho and Hwangbo, Jemin and Wellhausen, Lorenz and Koltun, Vladlen and Hutter, Marco},
  journal={Science robotics},
  volume={5},
  number={47},
  pages={eabc5986},
  year={2020},
  publisher={American Association for the Advancement of Science}
}

@article{rudin2022minutes,
  title={Learning to walk in minutes using massively parallel deep reinforcement learning},
  author={Rudin, Nikita and Hoeller, David and Reist, Philipp and Hutter, Marco},
  journal={arXiv preprint arXiv:2109.11978},
  year={2022}
}

@inproceedings{kumar2021rma,
  title={RMA: Rapid motor adaptation for legged robots},
  author={Kumar, Ashish and Fu, Zipeng and Pathak, Deepak and Malik, Jitendra},
  booktitle={Robotics: Science and Systems},
  year={2021}
}

@article{choi2023deformable,
  title={Learning quadrupedal locomotion over deformable terrain},
  author={Choi, Suyoung and Kang, Gwanghyeon and Yang, Seunghyeon and Hwangbo, Jemin},
  journal={Science Robotics},
  volume={8},
  number={74},
  pages={eade2256},
  year={2023},
  publisher={American Association for the Advancement of Science}
}

@article{peng2018deepmimic,
  title={DeepMimic: Example-guided deep reinforcement learning of physics-based character skills},
  author={Peng, Xue Bin and Abbeel, Pieter and Levine, Sergey and van de Panne, Michiel},
  journal={ACM Transactions on Graphics (TOG)},
  volume={37},
  number={4},
  pages={1--14},
  year={2018},
  publisher={ACM New York, NY, USA}
}

@article{wang2022hybrid,
  title={Hybrid locomotion control of biped robots based on reinforcement learning},
  author={Wang, Ziwen and Xie, Nenggang and Yang, Chenguang and Li, Zhijun},
  journal={IEEE Transactions on Systems, Man, and Cybernetics: Systems},
  volume={53},
  number={1},
  pages={151--161},
  year={2022},
  publisher={IEEE}
}

@inproceedings{tidd2020guided,
  title={Guided curriculum model-based reinforcement learning for walking on uneven terrain},
  author={Tidd, Brendan and Anstey, Darren and Ramos, Fabio},
  booktitle={2020 IEEE/RSJ International Conference on Intelligent Robots and Systems (IROS)},
  pages={4341--4347},
  year={2020},
  organization={IEEE}
}

@article{singh2025robust,
  title={Robust humanoid locomotion using deep reinforcement learning with compliant contact models},
  author={Singh, Rohit and Kumar, Vikash and Malik, Jitendra},
  journal={arXiv preprint arXiv:2501.00123},
  year={2025}
}